<?xml version="1.0" encoding="UTF-8"?>
<record xmlns="http://www.loc.gov/MARC21/slim" xmlns:xsi="http://www.w3.org/2001/XMLSchema-instance" xsi:schemaLocation="http://www.loc.gov/MARC21/slim http://www.loc.gov/standards/marcxml/schema/MARC21slim.xsd">
<leader>     nam a2200277   4500</leader>
<controlfield tag="001">002803570</controlfield>
<controlfield tag="003">NNU</controlfield>
<controlfield tag="005">19940713181853.0</controlfield>
<controlfield tag="008">861105s1955    sy bf    b   i000 0 arar</controlfield>
<datafield tag="010" ind1=" " ind2=" ">
<subfield code="a">ne 68003123</subfield>
</datafield>
<datafield tag="035" ind1="9" ind2=" ">
<subfield code="a">NYUb10509960</subfield>
</datafield>
<datafield tag="035" ind1=" " ind2=" ">
<subfield code="a">(CStRLIN)NYUG86-B36478</subfield>
</datafield>
<datafield tag="035" ind1=" " ind2=" ">
<subfield code="a">GLIS005099602</subfield>
</datafield>
<datafield tag="040" ind1=" " ind2=" ">
<subfield code="c">NNU</subfield>
</datafield>
<datafield tag="041" ind1="1" ind2=" ">
<subfield code="a">ara</subfield>
<subfield code="h">eng</subfield>
</datafield>
<datafield tag="043" ind1=" " ind2=" ">
<subfield code="a">a-sy---</subfield>
</datafield>
<datafield tag="050" ind1=" " ind2=" ">
<subfield code="a">DS94.5</subfield>
<subfield code="b">.U512</subfield>
</datafield>
<datafield tag="090" ind1=" " ind2=" ">
<subfield code="i">03/10/87 CT</subfield>
<subfield code="h">01/21/87 CT</subfield>
</datafield>
<datafield tag="110" ind1="2" ind2=" ">
<subfield code="a">Unesco.</subfield>
</datafield>
<datafield tag="245" ind1="1" ind2="0">
<subfield code="a">Sūrīyah,</subfield>
<subfield code="b">qaḍāyā ḥifẓ al-āthār wa-al-mawāqiʻ al-atharīyah wa-al-istifādah minhā.</subfield>
<subfield code="c">Taqrīr Lajnat al-Ūnīskū al-mursilah ilā Sūrīyah fī sanat 1953 wa-al-muʼallifah min Būl Kūllār raʼīsan wa-Salīm ʻAbd al-Ḥaq wa-Armāndū Dīllūn ʻuḍwayn.</subfield>
</datafield>
<datafield tag="260" ind1=" " ind2=" ">
<subfield code="a">[Dimashq] :</subfield>
<subfield code="b">al-Ūnīskū wa-Mudīrīyat al-Āthār al-ʻĀmmah fī Sūrīyah,</subfield>
<subfield code="c">[1955]</subfield>
</datafield>
<datafield tag="300" ind1=" " ind2=" ">
<subfield code="a">41 p.</subfield>
<subfield code="b">maps, plates.</subfield>
<subfield code="c">31cm.</subfield>
</datafield>
<datafield tag="500" ind1=" " ind2=" ">
<subfield code="a">Translation of: Syria: problems of preservation and presentation of sites and monuments.</subfield>
</datafield>
<datafield tag="504" ind1=" " ind2=" ">
<subfield code="a">Includes bibliographies.</subfield>
</datafield>
<datafield tag="651" ind1=" " ind2="0">
<subfield code="a">Syria</subfield>
<subfield code="x">Antiquities.</subfield>
</datafield>
<datafield tag="700" ind1="1" ind2=" ">
<subfield code="a">Collart, Paul,</subfield>
<subfield code="d">1902-</subfield>
</datafield>
<datafield tag="OWN" ind1=" " ind2=" ">
<subfield code="a">GENERAL</subfield>
</datafield>
<datafield tag="998" ind1=" " ind2=" ">
<subfield code="a">03/10/87</subfield>
<subfield code="t">c</subfield>
<subfield code="s">9114</subfield>
<subfield code="n">NNU</subfield>
<subfield code="w">NYUG86B36478</subfield>
<subfield code="d">11/05/86</subfield>
<subfield code="c">MG</subfield>
<subfield code="b">XXX</subfield>
<subfield code="i">870310</subfield>
<subfield code="h">870121</subfield>
<subfield code="l">NYUG</subfield>
</datafield>
<datafield tag="AVA" ind1=" " ind2=" ">
<subfield code="a">NYU50</subfield>
<subfield code="b">BOBST</subfield>
<subfield code="c">Main Collection</subfield>
<subfield code="d">DS94.5 .U512 Oversize</subfield>
<subfield code="e">unavailable</subfield>
<subfield code="t">Unavailable</subfield>
<subfield code="f">1</subfield>
<subfield code="g">1</subfield>
<subfield code="h">N</subfield>
<subfield code="i">0</subfield>
<subfield code="j">MAIN</subfield>
<subfield code="k">0</subfield>
</datafield>
</record>
